% This file was created with JabRef 2.10.
% Encoding: ISO8859_1


@Article{bamman2012censorship,
  Title                    = {Censorship and deletion practices in Chinese social media},
  Author                   = {Bamman, David and O'Connor, Brendan and Smith, Noah},
  Year                     = {2012},
  Number                   = {3},
  Volume                   = {17},

  Journal                  = {First Monday}
}

@Inproceedings{chang2009reading,
  Title                    = {Reading tea leaves: How humans interpret topic models},
  Author                   = {Chang, Jonathan and Gerrish, Sean and Wang, Chong and Boyd-Graber, Jordan L and Blei, David M},
  Booktitle                = {Advances in neural information processing systems},
  Year                     = {2009},
  Pages                    = {288--296}
}

@Inproceedings{Chang2008,
  Title                    = {Optimizing Chinese Word Segmentation for Machine Translation Performance},
  Author                   = {Chang, Pi-Chuan and Galley, Michel and Manning, Christopher D.},
  Booktitle                = {Proceedings of the Third Workshop on Statistical Machine Translation},
  Year                     = {2008},
  ISBN                     = {978-1-932432-09-1},
  Location                 = {Columbus, Ohio},
  Pages                    = {224--232},
  Publisher                = {Association for Computational Linguistics},
  Series                   = {StatMT '08},
  Url                      = {http://dl.acm.org/citation.cfm?id=1626394.1626430},

  Acmid                    = {1626430},
  Address                  = {Stroudsburg, PA, USA},
  Numpages                 = {9}
}

@Article{Fan2008,
  Title                    = {LIBLINEAR: A Library for Large Linear Classification},
  Author                   = {Fan, Rong-En and Chang, Kai-Wei and Hsieh, Cho-Jui and Wang, Xiang-Rui and Lin, Chih-Jen},
  Year                     = {2008},
  ISSN                     = {1532-4435},
  Month                    = jun,
  Pages                    = {1871--1874},
  Url                      = {http://dl.acm.org/citation.cfm?id=1390681.1442794},
  Volume                   = {9},

  Acmid                    = {1442794},
  Issue_date               = {6/1/2008},
  Journal                  = {J. Mach. Learn. Res.},
  Numpages                 = {4},
  Publisher                = {JMLR.org}
}

@Article{Fu2013a,
  Title                    = {Assessing Censorship on Microblogs in China: Discriminatory Keyword Analysis and the Real-Name Registration Policy},
  Author                   = {Fu, King-wa and Chan, Chung-hong and Chau, Michael},
  Year                     = {2013},
  Doi                      = {10.1109/MIC.2013.28},
  ISSN                     = {1089-7801},
  Month                    = {May},
  Number                   = {3},
  Pages                    = {42-50},
  Volume                   = {17},

  Journal                  = {Internet Computing, IEEE},
  Keywords                 = {Web sites;natural language processing;politics;Chinese microblogger posting activities;Chinese term list;censored posts;discriminatory keyword analysis;homophones;matched case-control study design;microblog censorship;political subjects;puns;real-name registration policy;social subjects;uncensored posts;weibos;Access control;Blogs;China;Electronic mail;Government policies;Information filtering;Internet;China;Internet censorship;Real-Name Registration;Weibo;microblogging},
  Owner                    = {b},
  Timestamp                = {2015.12.01}
}

@Article{hopkins2010method,
  Title                    = {A method of automated nonparametric content analysis for social science},
  Author                   = {Hopkins, Daniel J and King, Gary},
  Year                     = {2010},
  Number                   = {1},
  Pages                    = {229--247},
  Volume                   = {54},

  Journal                  = {American Journal of Political Science},
  Publisher                = {Wiley Online Library}
}

@Article{king2013censorship,
  Title                    = {How censorship in China allows government criticism but silences collective expression},
  Author                   = {King, Gary and Pan, Jennifer and Roberts, Margaret E},
  Year                     = {2013},
  Number                   = {02},
  Pages                    = {326--343},
  Volume                   = {107},

  Journal                  = {American Political Science Review},
  Publisher                = {Cambridge Univ Press}
}

